@book{levinson2006grammars,
  author =        {Levinson, S. C. and Wilkins, D.},
  publisher =     {Cambridge University Press},
  title =         {{Grammars of Space}},
  year =          {2006},
}

@book{levinson2003space,
  author =        {Levinson, S. C.},
  number =        {5},
  publisher =     {Cambridge University Press},
  series =        {Language, Culture and Cognition},
  title =         {{Space in Language and Cognition: Explorations in
                   Cognitive Diversity}},
  year =          {2003},
}

@inproceedings{steels2000language,
  author =        {Steels, L.},
  booktitle =     {Proceedings of the 6\textsuperscript{th}
                   International Conference on Parallel Problem Solving
                   from Nature},
  editor =        {Schoenauer, M. and Deb, K. and Rudolph, G. and
                   Yao, X. and Lutton, E. and Merelo, J.J. and
                   Schwefel, H-P.},
  pages =         {17--26},
  publisher =     {Springer},
  series =        {Lecture Notes in Computer Science},
  title =         {Language as a Complex Adaptive System},
  volume =        {1917},
  year =          {2000},
}

@article{steels2001language,
  author =        {Steels, L.},
  journal =       {IEEE Intelligent systems},
  pages =         {16--22},
  publisher =     {IEEE Computer Society},
  title =         {{Language games for autonomous robots}},
  year =          {2001},
}

@book{miller1976language,
  author =        {Miller, G. A. and Johnson-Laird, P. N.},
  publisher =     {Belknap Press},
  title =         {{Language and perception}},
  year =          {1976},
}

@incollection{eschenbach2004functional,
  author =        {Eschenbach, C.},
  booktitle =     {{Functional Features in Language and Space}},
  editor =        {L. Carlson and E. van der Zee},
  pages =         {71--93},
  publisher =     {Oxford University Press},
  series =        {Explorations in Language and Space},
  title =         {{Contextual, Functional, and Geometric Components in
                   the Semantics of Projective Terms}},
  volume =        {2},
  year =          {2004},
}

@incollection{steels2009cognition,
  author =        {Steels, L.},
  booktitle =     {Biological Foundations and Origin of Syntax},
  editor =        {Bickerton, D. and Szathm{\'a}ry, E.},
  pages =         {345--368},
  publisher =     {MIT Press},
  series =        {Strungmann Forum Reports},
  title =         {Cognition and Social Dynamics Play a Major Role in
                   the Formation of Grammar},
  volume =        {3},
  year =          {2009},
}

@incollection{steels2011self-organization,
  author =        {Steels, L.},
  booktitle =     {{E}xperiments in {C}ultural {L}anguage {E}volution},
  editor =        {Steels, L.},
  publisher =     {John Benjamins},
  title =         {{Self-organization and Selection in Cultural Language
                   Evolution}},
  year =          {2011},
}

@article{rizzolatti1998language,
  author =        {Rizzolatti, G. and Arbib, M. A.},
  journal =       {Trends in neurosciences},
  number =        {5},
  pages =         {188--194},
  title =         {{Language within our grasp}},
  volume =        {21},
  year =          {1998},
}

@incollection{arbib2002mirror,
  author =        {Arbib, M. A.},
  booktitle =     {{Imitation in Animals and Artifacts}},
  editor =        {Dautenhahn, K. and Nehaniv, C.},
  pages =         {229--280},
  publisher =     {The MIT Press},
  title =         {{The Mirror System, Imitation, and the Evolution of
                   Language}},
  year =          {2002},
}

@incollection{steels2012mirror,
  author =        {Steels, L. and Spranger, M.},
  booktitle =     {{E}xperiments in {C}ultural {L}anguage {E}volution},
  editor =        {Steels, L.},
  pages =         {87---109},
  publisher =     {John Benjamins},
  title =         {Emergent Mirror Systems for Body Language},
  year =          {2012},
}

@article{steels2008mirror,
  author =        {Steels, L. and Spranger, M.},
  journal =       {Connection Science},
  number =        {4},
  pages =         {337--358},
  title =         {The Robot in the Mirror},
  volume =        {20},
  year =          {2008},
}

@article{schoenemann1999syntax,
  author =        {Schoenemann, P.},
  journal =       {Minds and Machines},
  number =        {3},
  pages =         {309--346},
  publisher =     {Springer},
  title =         {{Syntax as an emergent characteristic of the
                   evolution of semantic complexity}},
  volume =        {9},
  year =          {1999},
}

@incollection{christiansen2001sequential,
  author =        {Christiansen, M. H. and Dale, R. and Ellefson, M. R. and
                   Conway, C. M.},
  booktitle =     {{Simulating the Evolution of Language}},
  editor =        {Cangelosi, A. and Parisi, D.},
  pages =         {165--188},
  publisher =     {Springer},
  title =         {{The role of sequential learning in language
                   evolution: Computational and experimental studies}},
  year =          {2001},
}

@incollection{dunbar1998theory,
  author =        {Dunbar, R.},
  booktitle =     {{Approaches to the Evolution of Language: Social and
                   Cognitive Bases}},
  pages =         {92--110},
  publisher =     {Cambridge University Press},
  title =         {{Theory of mind and the evolution of language}},
  year =          {1998},
}

@article{carpenter1998social,
  author =        {Carpenter, M. and Nagell, K. and Tomasello, M. and
                   Butterworth, G. and Moore, C.},
  journal =       {Monographs of the society for research in child
                   development},
  number =        {4},
  title =         {{Social cognition, joint attention, and communicative
                   competence from 9 to 15~{m}onths of age}},
  volume =        {63},
  year =          {1998},
}

@article{tomasello1992social,
  author =        {Tomasello, M.},
  journal =       {Social Development},
  number =        {1},
  pages =         {67--87},
  title =         {{The social bases of language acquisition}},
  volume =        {1},
  year =          {1992},
}

@article{tomasello2005understanding,
  author =        {Tomasello, M. and Carpenter, M. and Call, J. and
                   Behne, T. and Moll, H.},
  journal =       {Behavioral and Brain Sciences},
  number =        {05},
  pages =         {675--691},
  title =         {{Understanding and sharing intentions: The origins of
                   cultural cognition}},
  volume =        {28},
  year =          {2005},
}

@article{dunbar2003social,
  author =        {Dunbar, R.},
  journal =       {Annual Review of Anthropology},
  pages =         {163--181},
  title =         {{The social brain: Mind, language, and society in
                   evolutionary perspective}},
  volume =        {32},
  year =          {2003},
}

@incollection{worden1998evolution,
  author =        {Worden, R.},
  booktitle =     {{Approaches to the Evolution of Language: Social and
                   Cognitive Bases}},
  editor =        {Hurford, J. and Studdert-Kennedy, M. and Knight, C.},
  pages =         {148--166},
  publisher =     {Cambridge University Press},
  title =         {{The evolution of language from social intelligence}},
  year =          {1998},
}

@article{evans2009universals,
  author =        {Evans, N. and Levinson, S. C.},
  journal =       {Behavioral and Brain Sciences},
  number =        {05},
  pages =         {429--448},
  title =         {The myth of language universals: Language diversity
                   and its importance for cognitive science},
  volume =        {32},
  year =          {2009},
  doi =           {10.1017/S0140525X0999094X},
}

@book{maddieson1984patterns,
  author =        {Maddieson, I.},
  publisher =     {Cambridge University Press},
  title =         {{Patterns of sounds}},
  year =          {1984},
}

@article{oudeyer2005self,
  author =        {Oudeyer, P. Y.},
  journal =       {Journal of Theoretical Biology},
  number =        {3},
  pages =         {435--449},
  title =         {{The self-organization of speech sounds}},
  volume =        {233},
  year =          {2005},
}

@book{hopper2003grammaticalization,
  author =        {Hopper, Paul J. and Traugott, Elizabeth Closs},
  publisher =     {Cambridge University Press},
  series =        {Cambridge Textbooks in Linguistics},
  title =         {{Grammaticalization}},
  year =          {2003},
}

@article{smith2003iterated,
  author =        {Smith, K. and Kirby, S. and Brighton, H.},
  journal =       {Artificial Life},
  number =        {4},
  pages =         {371--386},
  publisher =     {MIT Press},
  title =         {{Iterated learning: A framework for the emergence of
                   language}},
  volume =        {9},
  year =          {2003},
}

@book{pope1952latin,
  author =        {Pope, M. K.},
  publisher =     {Manchester University Press},
  title =         {From Latin to Modern French with Especial
                   Consideration of Anglo-Norman. Phonology and
                   Morphology},
  year =          {1952},
}

@book{traugott1991grammaticalization,
  editor =        {Traugott, Elizabeth Closs and Heine, Bernd},
  number =        {19},
  publisher =     {John Benjamins},
  series =        {Typologogical Studies in Language},
  title =         {Approaches to Grammaticalization},
  volume =        {1 \& 2},
  year =          {1991},
}

@book{sperber1986relevance,
  author =        {Sperber, D. and Wilson, D.},
  publisher =     {Harvard University Press},
  title =         {{Relevance: Communication and cognition}},
  year =          {1986},
}

@book{camazine2003self,
  author =        {Camazine, S. and Deneubourg, J. L. and Franks, N. R. and
                   Sneyd, J. and Theraula, G. and Bonabeau, E.},
  publisher =     {Princeton University Press},
  title =         {{Self-organization in biological systems}},
  year =          {2003},
}

@book{kauffman1993origins,
  author =        {Kauffman, S. A.},
  publisher =     {Oxford University Press},
  title =         {{The Origins of Order: Self-organization and
                   Selection in Evolution}},
  volume =        {209},
  year =          {1993},
}

@article{garrod1994conversation,
  author =        {Garrod, S. and Doherty, G.},
  journal =       {Cognition},
  number =        {3},
  pages =         {181--215},
  title =         {Conversation, co-ordination and convention: an
                   empirical investigation of how groups establish
                   linguistic conventions},
  volume =        {53},
  year =          {1994},
}

@article{pickering2004toward,
  author =        {Pickering, M. J. and Garrod, S.},
  journal =       {Behavioral and Brain Sciences},
  number =        {2},
  pages =         {169--190},
  title =         {{Toward a mechanistic psychology of dialogue}},
  volume =        {27},
  year =          {2004},
}

@incollection{steels2002bootstrapping,
  author =        {Steels, L. and Kaplan, F.},
  booktitle =     {Linguistic evolution through language acquisition:
                   formal and computational models},
  editor =        {Briscoe, T.},
  pages =         {53--74},
  publisher =     {Cambridge University Press},
  title =         {Bootstrapping grounded word semantics},
  year =          {2002},
}

@incollection{steels2007recruitment,
  author =        {Steels, L.},
  booktitle =     {{The Emergence of Communication and Language}},
  editor =        {Lyon, C. and Nehaniv, C. and Cangelosi, A.},
  pages =         {129--151},
  publisher =     {Springer},
  title =         {{The Recruitment Theory of Language Origins}},
  year =          {2007},
}

@inproceedings{steels1997distinctions,
  author =        {Steels, L.},
  booktitle =     {Proceedings of the Ninth European Conference on
                   Machine Learning},
  editor =        {van Someren, M. and Widmer, G.},
  pages =         {4--13},
  publisher =     {Springer},
  title =         {Constructing and Sharing Perceptual Distinctions},
  year =          {1997},
}

@incollection{steels1998synthesizing,
  author =        {Steels, L.},
  booktitle =     {Approaches to the Evolution of Language: Social and
                   Cognitive bases},
  editor =        {Hurford, J. and Knight, C. and Studdert-Kennedy, M.},
  pages =         {384--404},
  publisher =     {Edinburgh University Press},
  title =         {{Synthesising the Origins of Language and Meaning
                   Using Co-evolution, Self-organisation and Level
                   formation}},
  year =          {1998},
}

@article{tinbergen1963aims,
  author =        {Tinbergen, N.},
  journal =       {{Zeitschrift f{\"u}r Tierpsychologie}},
  number =        {4},
  pages =         {410--433},
  title =         {{On aims and methods of ethology}},
  volume =        {20},
  year =          {1963},
}

@book{bickerton1999language,
  author =        {Bickerton, D.},
  publisher =     {Chicago University Press},
  title =         {{Language and species}},
  year =          {1999},
}

@article{jackendoff1999possible,
  author =        {Jackendoff, R.},
  journal =       {{Trends in Cognitive Sciences}},
  number =        {7},
  pages =         {272--279},
  title =         {{Possible stages in the evolution of the language
                   capacity}},
  volume =        {3},
  year =          {1999},
}

@article{steels2005emergence,
  author =        {Steels, L.},
  journal =       {Connection Science},
  number =        {3-4},
  pages =         {213--230},
  title =         {The Emergence and Evolution of Linguistic Structure:
                   From Lexical to Grammatical Communication Systems},
  volume =        {17},
  year =          {2005},
}

@mastersthesis{spranger2008grounded,
  author =        {Spranger, M.},
  school =        {Humboldt-Universit{\"a}t zu Berlin},
  type =          {German Diplom Thesis},
  title =         {World Models for Grounded Language Games},
  year =          {2008},
}

@incollection{spranger2012perception,
  author =        {Spranger, M. and Loetzsch, M. and Steels, L.},
  booktitle =     {{Language Grounding in Robots}},
  editor =        {Steels, L. and Hild, M.},
  pages =         {89--110},
  publisher =     {Springer},
  title =         {{A Perceptual System for Language Game Experiments}},
  year =          {2012},
}

@article{coradeschi2003anchoring,
  author =        {Coradeschi, S. and Saffiotti, A.},
  journal =       {Robotics and Autonomous Systems},
  number =        {2-3},
  pages =         {85--96},
  title =         {An Introduction to the Anchoring Problem},
  volume =        {43},
  year =          {2003},
}

@article{kalman1960linear,
  author =        {Kalman, R. E.},
  journal =       {Transactions of the ASME-Journal of Basic
                   Engineering},
  number =        {1},
  pages =         {35--45},
  title =         {A New Approach to Linear Filtering and Prediction
                   Problems},
  volume =        {82},
  year =          {1960},
}

@incollection{tomasello1995joint,
  address =       {Hillsdale, NJ},
  author =        {Tomasello, M.},
  booktitle =     {Joint Attention: Its Origins and Role in Development},
  editor =        {Moore, Chris and Dunham, Philip J.},
  publisher =     {Lawrence Erlbaum Associates},
  title =         {Joint Attention as Social Cognition},
  year =          {1995},
}

@inproceedings{steels1998stochasticity,
  author =        {Steels, L. and Kaplan, F.},
  booktitle =     {Proceedings of the Sixth International Conference on
                   Artificial Life},
  editor =        {Adami, Christoph and Belew, Richard K. and
                   Kitano, Hiroaki and Taylor, Charles E.},
  publisher =     {The MIT Press},
  title =         {Stochasticity as a Source of Innovation in Language
                   Games},
  year =          {1998},
}

@inproceedings{steels2000emergence,
  author =        {L. Steels},
  booktitle =     {ECAI 2000: Proceedings of the 14\textsuperscript{th}
                   European Conference on Artificial Intelligence},
  editor =        {W. Horn},
  pages =         {764--769},
  publisher =     {IOS Publishing},
  title =         {The Emergence of Grammar in Communicating Autonomous
                   Robotic Agents},
  year =          {2000},
}

@inproceedings{steels2005planning,
  author =        {Steels, L. and Bleys, J.},
  booktitle =     {Proceedings of CAEPIA \'05.},
  editor =        {A. Bugarin Diz and J. Santos Reyes},
  publisher =     {Springer},
  series =        {Lecture Notes in AI},
  title =         {Planning What to Say: Second Order Semantics for
                   Fluid Construction Grammars},
  year =          {2005},
}

@inproceedings{vandenbroeck2008irl,
  address =       {Singapore},
  author =        {Van den Broeck, W.},
  booktitle =     {The Evolution of Language (Evolang 7)},
  editor =        {A. D. M. Smith and K. Smith and R. Ferrer i Chancho},
  publisher =     {World Scientific},
  title =         {Constraint-based Compositional Semantics},
  year =          {2008},
}

@inproceedings{spranger2010irl,
  author =        {Spranger, M. and Loetzsch, M. and Pauw, S.},
  booktitle =     {Proceedings of the 19\textsuperscript{th} European
                   Conference on Artificial Intelligence (ECAI 2010)},
  editor =        {Coelho, H. and Studer, R. and Woolridge, M.},
  number =        {215},
  pages =         {929--934},
  publisher =     {IOS Press},
  title =         {{Open-ended Grounded Semantics}},
  volume =        {Frontiers in Artificial Intelligence and
                   Applications},
  year =          {2010},
}

@incollection{spranger2012irl,
  author =        {Spranger, M. and Pauw, S. and Loetzsch, M. and
                   Steels, L.},
  booktitle =     {{Language Grounding in Robots}},
  editor =        {Steels, L. and Hild, M.},
  pages =         {153--172},
  publisher =     {Springer},
  title =         {{Open-ended Procedural Semantics}},
  year =          {2012},
}

@article{johnson1977procedural,
  author =        {Johnson-Laird, P. N.},
  journal =       {Cognition},
  number =        {3},
  pages =         {189--214},
  publisher =     {Elsevier},
  title =         {{Procedural semantics}},
  volume =        {5},
  year =          {1977},
}

@inproceedings{steels2006dampen,
  author =        {Steels, L. and P. Wellens},
  booktitle =     {Symbol Grounding and Beyond: Proceedings of the Third
                   International Workshop on the Emergence and Evolution
                   of Linguistic Communication},
  editor =        {Vogt, P. and Sugita, Y. and Tuci, E. and Nehaniv, C.},
  pages =         {76--88},
  publisher =     {Springer},
  series =        {LNAI 4211},
  title =         {How Grammar Emerges to Dampen Combinatorial Search in
                   Parsing},
  year =          {2006},
}

@article{billard1998grounding,
  author =        {Billard, A. and Dautenhahn, K.},
  journal =       {Robotics and Autonomous Systems},
  number =        {1},
  pages =         {71--79},
  title =         {Grounding communication in autonomous robots: {A}n
                   experimental study},
  volume =        {24},
  year =          {1998},
}

@article{vogt2001bootstrapping,
  author =        {Vogt, P.},
  journal =       {Evolution of Communication},
  number =        {1},
  pages =         {87--116},
  title =         {Bootstrapping grounded symbols by minimal autonomous
                   robots},
  volume =        {4},
  year =          {2002},
}

@incollection{steels2008grounding,
  author =        {L. Steels},
  booktitle =     {Symbols and Embodiment: Debates on Meaning and
                   Cognition},
  editor =        {de Vega, M.},
  publisher =     {Oxford University Press},
  title =         {The Symbol Grounding Problem Has Been Solved. So
                   What's Next?},
  year =          {2008},
}

@article{steels2005coordinating,
  author =        {Steels, L. and Belpaeme, T.},
  journal =       {Behavioral and Brain Sciences},
  pages =         {469--529},
  title =         {{Coordinating perceptually grounded categories
                   through language: A case study for colour}},
  volume =        {28},
  year =          {2005},
}

@inproceedings{bleys2009grounded,
  author =        {Bleys, J. and Loetzsch, M. and Spranger, M. and
                   Steels, L.},
  booktitle =     {Proceedings of the 18\textsuperscript{th} IEEE
                   International Symposium on Robot and Human
                   Interactive Communication (Ro-man 2009)},
  title =         {{The Grounded Color Naming Game}},
  year =          {2009},
}

@article{siskind2001grounding,
  author =        {Siskind, J. M.},
  journal =       {Journal of Artificial Intelligence Research},
  pages =         {31--90},
  title =         {{Grounding the Lexical Semantics of Verbs in Visual
                   Perception using Force Dynamics and Event Logic}},
  volume =        {15},
  year =          {2001},
}

@article{steels2003events,
  author =        {Steels, L. and Baillie, J.-C.},
  journal =       {Robotics and Autonomous Systems},
  number =        {2-3},
  pages =         {163--173},
  title =         {Shared grounding of event descriptions by autonomous
                   robots},
  volume =        {43},
  year =          {2003},
}

@incollection{belpaeme2007language,
  address =       {London, UK},
  author =        {Belpaeme, T. and Bleys, J.},
  booktitle =     {{Emergence of communication and language}},
  editor =        {Lyon, C. and Nehaniv, C. and Cangelosi, A.},
  pages =         {339--353},
  publisher =     {Springer},
  title =         {{Language, Perceptual Categories and their
                   Interaction: {I}nsights from Computational
                   Modelling}},
  year =          {2007},
}

@article{haddock1989computational,
  author =        {Haddock, N. J.},
  journal =       {Language and Cognitive Processes},
  number =        {3},
  pages =         {337--368},
  publisher =     {Psychology Press},
  title =         {{Computational models of incremental semantic
                   interpretation}},
  volume =        {4},
  year =          {1989},
}

@phdthesis{winograd1971procedures,
  author =        {Winograd, T.},
  school =        {Massachusetts Institute of Technology},
  title =         {{Procedures as a Representation for Data in a
                   Computer Program for Understanding Natural
                   Language.}},
  year =          {1971},
}

@conference{bailey1997modeling,
  author =        {Bailey, D. and Feldman, J. and Narayanan, S.},
  booktitle =     {Proceedings {of the Nineteenth Annual Conference of
                   the Cognitive Science Society: August 7-10, 1997,
                   Stanford University}},
  organization =  {Lawrence Erlbaum Associates},
  pages =         {19},
  title =         {{Modeling embodied lexical development}},
  year =          {1997},
}

@conference{narayanan1999moving,
  author =        {Narayanan, S.},
  booktitle =     {Proceedings of the National Conference on Artificial
                   Intelligence (AAAI'99)},
  organization =  {American Association for Artificial Intelligence
                   Menlo Park, CA, USA},
  pages =         {121--127},
  title =         {{Moving right along: a computational model of
                   metaphoric reasoning about events}},
  year =          {1999},
}

@article{roy2005semiotic,
  author =        {Roy, D.},
  journal =       {Artificial Intelligence},
  number =        {1-2},
  pages =         {170--205},
  publisher =     {Elsevier},
  title =         {{Semiotic schemas: A framework for grounding language
                   in action and perception}},
  volume =        {167},
  year =          {2005},
}

@book{goldberg1995constructions,
  author =        {Goldberg, A.},
  publisher =     {Chicago University Press},
  title =         {{Constructions: A Construction Grammar Approach to
                   Argument Structure}},
  year =          {1995},
}

@book{croft2001radical,
  author =        {Croft, W.},
  publisher =     {Oxford University Press},
  title =         {Radical Construction Grammar},
  year =          {2001},
}

@article{beule2005hierarchy,
  author =        {De Beule, J. and Steels, L.},
  journal =       {KI 2005: Advances in Artificial Intelligence},
  pages =         {1--15},
  publisher =     {Springer},
  title =         {{Hierarchy in fluid construction grammars}},
  year =          {2005},
}

@conference{steels2005linking,
  author =        {Steels, L. and De Beule, J. and Neubauer, N.},
  booktitle =     {Transactions of the Belgian royal society of arts and
                   sciences},
  pages =         {11--18},
  title =         {{Linking in fluid construction grammars}},
  year =          {2005},
}

@book{steels2011design,
  editor =        {Steels, L.},
  publisher =     {John Benjamins},
  title =         {Design Patterns in {F}luid {C}onstruction {G}rammar},
  year =          {2011},
}

@inproceedings{steels2006fcg,
  author =        {Steels, L. and De Beule, J.},
  booktitle =     {Symbol Grounding and Beyond: Proceedings of the Third
                   International Workshop on the Emergence and Evolution
                   of Linguistic Communication},
  editor =        {Vogt, P. and Sugita, Y. and Tuci, E. and Nehaniv, C.},
  pages =         {197--223},
  publisher =     {Springer},
  series =        {LNAI 4211},
  title =         {Unify and Merge in {F}luid {C}onstruction {G}rammar},
  year =          {2006},
}

@inproceedings{gerasymova2010acquisition,
  author =        {Gerasymova, K. and Spranger, M.},
  booktitle =     {Proceedings of the 19\textsuperscript{th} European
                   Conference on Artificial Intelligence (ECAI-2010)},
  editor =        {Coelho, H. and Studer, R. and Woolridge, M.},
  pages =         {923--928},
  publisher =     {IOS Press},
  title =         {Acquisition of Grammar in Autonomous Artificial
                   Systems},
  year =          {2010},
}

@inproceedings{gerasymova2012temporal,
  author =        {Gerasymova, K. and Spranger, M.},
  booktitle =     {Language Grounding in Robots},
  editor =        {Steels, L. and Hild, M.},
  pages =         {237--254},
  publisher =     {Springer},
  title =         {An Experiment in Temporal Language Learning},
  year =          {2012},
}

@book{steels2012computational,
  editor =        {L. Steels},
  publisher =     {Springer Verlag},
  series =        {Lecture Notes in AI},
  title =         {{C}omputational {I}ssues in {F}luid {C}onstruction
                   {G}rammar},
  year =          {2012},
}

@incollection{spranger2011german,
  author =        {Spranger, M. and Loetzsch, M.},
  booktitle =     {Design Patterns in {F}luid {C}onstruction {G}rammar},
  editor =        {Steels, L.},
  pages =         {265--298},
  publisher =     {John Benjamins},
  series =        {Constructional Approaches to Language},
  title =         {{Syntactic Indeterminacy and Semantic Ambiguity: A
                   Case Study for German Spatial Phrases}},
  volume =        {11},
  year =          {2011},
}

@book{herskovits1986language,
  author =        {Herskovits, A.},
  publisher =     {Cambridge University Press},
  series =        {Studies in Natural Language Processing},
  title =         {{Language and spatial cognition}},
  year =          {1986},
}

@book{tenbrink2007space,
  address =       {Berlin, DE},
  author =        {Tenbrink, T.},
  publisher =     {Walter de Gruyter},
  series =        {Cognitive Linguistics Research},
  title =         {Space, time, and the use of language: {An}
                   investigation of relationships},
  volume =        {36},
  year =          {2007},
}

@phdthesis{tenbrink2005localising,
  author =        {Tenbrink, T.},
  school =        {University of Bremen},
  title =         {{Localising objects and events: Discoursal
                   applicability conditions for spatiotemporal
                   expressions in English and German}},
  year =          {2005},
}

@inproceedings{wunderlich1991lokale,
  author =        {Wunderlich, D. and Herweg, M.},
  booktitle =     {{Semantik: Ein internationales Handbuch der
                   zeitgen{\"o}ssischen Forschung}},
  editor =        {Stechow, A. and Wunderlich, D.},
  publisher =     {De Gruyter},
  title =         {{Lokale und Direktionale}},
  year =          {1991},
}

@article{Grabowski1996prepositional,
  author =        {J. Grabowski and P. Weiss},
  journal =       {Language Sciences},
  note =          {Contrastive Semantics and Pragmatics, Volume I:
                   Meanings and Representations},
  number =        {1-2},
  pages =         {19--35},
  title =         {The prepositional inventory of languages: A factor
                   that affects comprehension of spatial prepositions},
  volume =        {18},
  year =          {1996},
  doi =           {10.1016/0388-0001(96)00005-8},
  issn =          {0388-0001},
  url =           {http://www.sciencedirect.com/science/article/
                  B6VD2-3VW1RDD-1/2/c20d6b8cabef41affbf397ee2ff84d55},
}

@article{klabunde1999logic,
  author =        {Klabunde, R.},
  journal =       {KI-99: Advances in Artificial Intelligence},
  pages =         {697--697},
  publisher =     {Springer},
  title =         {{Logic---Based Choice of Projective Terms}},
  year =          {1999},
}

@book{talmy2000toward2,
  author =        {Talmy, L.},
  publisher =     {The MIT Press},
  title =         {{Toward a cognitive semantics. Vol. 2: Typology and
                   process in concept structuring}},
  year =          {2000},
}

@book{vandeloise1991spatial,
  author =        {Vandeloise, C.},
  publisher =     {University of Chicago Press},
  title =         {{Spatial prepositions: A case study from French}},
  year =          {1991},
}

@article{eschenbach1999geometric,
  author =        {Eschenbach, C.},
  journal =       {Spatial Cognition and Computation},
  number =        {4},
  pages =         {329--348},
  publisher =     {Springer},
  title =         {{Geometric structures of frames of reference and
                   natural language semantics}},
  volume =        {1},
  year =          {1999},
}

@article{levinson1996language,
  author =        {Levinson, S. C.},
  journal =       {Annual review of Anthropology},
  number =        {1},
  pages =         {353--382},
  publisher =     {Annual Reviews},
  title =         {{Language and space}},
  volume =        {25},
  year =          {1996},
}

@conference{hall2008quantifying,
  author =        {Hall, M. M. and Jones, C. B.},
  booktitle =     {Proceedings of the 16\textsuperscript{th} ACM
                   SIGSPATIAL international conference on Advances in
                   geographic information systems},
  organization =  {ACM},
  pages =         {1--4},
  title =         {{Quantifying spatial prepositions: an experimental
                   study}},
  year =          {2008},
}

@incollection{rosch1978principle,
  address =       {Hillsdale, NJ},
  author =        {Rosch, E.},
  booktitle =     {{Cognition and categorization}},
  editor =        {Rosch, E. and Lloyd, B.B.},
  pages =         {27--48},
  publisher =     {Lawrence Erlbaum},
  title =         {{Principles of categorization}},
  year =          {1978},
}

@phdthesis{bleys2010phd,
  address =       {Brussels, Belgium},
  author =        {J. Bleys},
  school =        {Vrije Universiteit Brussels (VUB)},
  title =         {Language Strategies for the Domain of Colour},
  year =          {2010},
}

@article{tenbrink2005identifying,
  author =        {Tenbrink, T.},
  journal =       {Spatial Cognition IV. Reasoning, Action, and
                   Interaction},
  pages =         {124--146},
  publisher =     {Springer},
  title =         {{Identifying objects on the basis of spatial
                   contrast: an empirical study}},
  year =          {2005},
}

@conference{gapp1995angle,
  author =        {Gapp, K.},
  booktitle =     {Proceedings of the 17\textsuperscript{th} Annual
                   Conference of the Cognitive Science Society},
  pages =         {112--117},
  title =         {{Angle, distance, shape, and their relationship to
                   projective relations}},
  year =          {1995},
}

@article{moratz2006spatial,
  author =        {Moratz, R. and Tenbrink, T.},
  journal =       {Spatial Cognition \& Computation},
  number =        {1},
  pages =         {63--107},
  publisher =     {Taylor \& Francis},
  title =         {{Spatial reference in linguistic human-robot
                   interaction: Iterative, empirically supported
                   development of a model of projective relations}},
  volume =        {6},
  year =          {2006},
}

@article{lloyd1982least,
  author =        {Lloyd, S.P.},
  journal =       {IEEE Transactions on Information Theory},
  number =        {2},
  pages =         {129--137},
  publisher =     {IEEE},
  title =         {{Least squares quantization in {PC}M}},
  volume =        {28},
  year =          {1982},
}

@article{coventry2001,
  author =        {Coventry, K. and Prat-Sala, M. and Richards, L.},
  journal =       {Journal of Memory and Language},
  number =        {3},
  pages =         {376--398},
  title =         {The Interplay between Geometry and Function in the
                   Comprehension of Over, Under, Above, and Below},
  volume =        {44},
  year =          {2001},
  doi =           {10.1006/jmla.2000.2742},
  issn =          {0749-596X},
  url =           {http://www.sciencedirect.com/science/article/
                  B6WK4-457VF3J-1C/2/aeb0c9d7b26f70d42c12745494816549},
}

@article{carlson1996influence,
  author =        {Carlson-Radvansky, L. A. and Radvansky, G. A.},
  journal =       {Psychological Science},
  number =        {1},
  pages =         {56--60},
  title =         {{The influence of functional relations on spatial
                   term selection}},
  volume =        {7},
  year =          {1996},
}

@incollection{coventry2005spatial,
  author =        {Coventry, K. R. and Cangelosi, A. and Rajapakse, R. and
                   Bacon, A. and Newstead, S. and Joyce, D. and
                   Richards, L.},
  booktitle =     {Spatial Cognition IV. Reasoning, Action, Interaction},
  editor =        {Freksa, C. and Knauff, M. and Krieg-Br{\"u}ckner, B. and
                   Nebel, B. and Barkowsky, T.},
  pages =         {98--110},
  publisher =     {Springer},
  series =        {Lecture Notes in Computer Science},
  title =         {{Spatial Prepositions and Vague Quantifiers:
                   Implementing the Functional Geometric Framework}},
  volume =        {3343},
  year =          {2005},
}

@book{coventry2004saying,
  editor =        {Coventry, K. and Garrod, S.},
  publisher =     {Lawrence Erlbaum Associates},
  series =        {Essays in Cognitive Psychology},
  title =         {{Saying, Seeing and Acting. The Psychological
                   Semantics of Spatial Prepositions}},
  year =          {2004},
}

@inproceedings{gapp1994basic,
  author =        {Gapp, K.},
  booktitle =     {Proceedings of AAAI-94},
  pages =         {1393--1398},
  title =         {{Basic meanings of spatial relations: Computation and
                   evaluation in 3d space}},
  year =          {1994},
}

@article{regier2001grounding,
  author =        {Regier, T. and Carlson, L. A.},
  journal =       {Journal of Experimental Psychology: General},
  number =        {2},
  pages =         {273--298},
  title =         {{Grounding spatial language in perception: An
                   empirical and computational investigation}},
  volume =        {130},
  year =          {2001},
}

@article{kelleher2009dialog,
  author =        {Kelleher, J. D. and Costello, F. J.},
  journal =       {Computational Linguistics},
  number =        {2},
  pages =         {271--306},
  title =         {Applying Computational Models of Spatial Prepositions
                   to Visually Situated Dialog},
  volume =        {35},
  year =          {2009},
  doi =           {10.1162/coli.06-78-prep14},
}

@article{bateman2007role,
  author =        {Bateman, J. A. and Tenbrink, T. and Farrar, S.},
  journal =       {Discourse Processes},
  number =        {3},
  pages =         {175--212},
  title =         {{The Role of Conceptual and Linguistic Ontologies in
                   Interpreting Spatial Discourse}},
  volume =        {44},
  year =          {2007},
}

@article{bateman2010situating,
  author =        {Bateman, J. A.},
  journal =       {Language and Linguistics Compass},
  number =        {8},
  pages =         {639--664},
  title =         {Situating Spatial Language and the Role of Ontology:
                   {I}ssues and Outlook},
  volume =        {4},
  year =          {2010},
  doi =           {10.1111/j.1749-818X.2010.00226.x},
}

@article{bateman2010ontology,
  author =        {Bateman, J. A. and Hois, J. and Ross, R. and
                   Tenbrink, T.},
  journal =       {Artificial Intelligence},
  number =        {14},
  pages =         {1027--1071},
  title =         {A linguistic ontology of space for natural language
                   processing},
  volume =        {174},
  year =          {2010},
  doi =           {10.1016/j.artint.2010.05.008},
  issn =          {0004-3702},
  url =           {http://www.sciencedirect.com/science/article/
                  B6TYF-506RCV8-1/2/9e417a4d8dae6e26102301f49e205489},
}

@incollection{freksa1991qualitative,
  author =        {Freksa, C.},
  booktitle =     {Cognitive and Linguistic Aspects of Geographic Space},
  editor =        {Mark, D. M. and Frank, A. U.},
  pages =         {361--372},
  publisher =     {Springer},
  title =         {{Qualitative Spatial Reasoning}},
  year =          {1991},
}

@article{cohn2001qualitative,
  author =        {Cohn, A. G. and Hazarika, S. M.},
  journal =       {Fundamenta Informaticae},
  number =        {1-2},
  pages =         {1--29},
  title =         {Qualitative Spatial Representation and Reasoning: An
                   Overview},
  volume =        {46},
  year =          {2001},
  url =           {http://portal.acm.org/citation.cfm?id=1219982.1219984},
}

@incollection{steels2011phrasal,
  author =        {Steels, L.},
  booktitle =     {{Design Patterns in {F}luid {C}onstruction
                   {G}rammar}},
  editor =        {Steels, L.},
  publisher =     {John Benjamins},
  title =         {{A Design Pattern For Phrasal Constructions}},
  year =          {2011},
}

@phdthesis{vantrijp2008phd,
  address =       {Antwerp},
  author =        {{van Trijp}, R.},
  school =        {University of Antwerp},
  title =         {Analogy and Multi-level Selection in the Formation of
                   a Case Grammar. A Case Study in Fluid Construction
                   Grammar},
  year =          {2008},
}

@incollection{vantrijp2011matrices,
  author =        {{van Trijp}, R.},
  booktitle =     {{Design Patterns in {F}luid {C}onstruction
                   {G}rammar}},
  editor =        {Steels, L.},
  pages =         {205--235},
  publisher =     {John Benjamins},
  title =         {Feature Matrices and Agreement: A Case Study for
                   {German} Case},
  year =          {2011},
}

@conference{tversky1998space,
  author =        {Tversky, B. and Lee, P.},
  booktitle =     {Spatial cognition},
  organization =  {Springer},
  pages =         {157--175},
  title =         {{How space structures language}},
  year =          {1998},
}

@article{tversky1999speakers,
  author =        {Tversky, B. and Lee, P. and Mainwaring, S.},
  journal =       {Spatial Cognition and Computation},
  number =        {4},
  pages =         {399--412},
  publisher =     {Springer},
  title =         {{Why do speakers mix perspectives?}},
  volume =        {1},
  year =          {1999},
}

@incollection{ehrich1985linguistik,
  author =        {Ehrich, V.},
  booktitle =     {{Sprache und Raum: Ein Arbeitsbuch f{\"u}r das Lehren
                   von Forschung}},
  editor =        {Schweizer, H.},
  pages =         {130--161},
  publisher =     {Metzler},
  title =         {{Zur Linguistik und Psycholinguistik der
                   sekund{\"a}ren Raumdeixis}},
  year =          {1985},
}

@article{mainwaring2003descriptions,
  author =        {Mainwaring, S. and Tversky, B. and Ohgishi, M and
                   Schiano, D.},
  journal =       {Spatial Cognition and Computation},
  number =        {1},
  pages =         {3--42},
  title =         {{Descriptions of simple spatial scenes in English and
                   {Japan}ese}},
  volume =        {3},
  year =          {2003},
}

@article{schober1993spatial,
  author =        {Schober, M. F.},
  journal =       {Cognition},
  number =        {1},
  pages =         {1--24},
  publisher =     {Elsevier},
  title =         {{Spatial perspective-taking in conversation}},
  volume =        {47},
  year =          {1993},
}

@article{tversky2009perspective,
  author =        {Tversky, B. and Hard, B. M.},
  journal =       {Cognition},
  number =        {1},
  pages =         {124--129},
  title =         {Embodied and disembodied cognition: Spatial
                   perspective-taking},
  volume =        {110},
  year =          {2009},
}

@techreport{tenbrink2005dimensional,
  address =       {Bremen, Germany},
  author =        {Tenbrink, T.},
  institution =   {University of Bremen},
  number =        {004-03/2005},
  type =          {SFB/TR 8 (technical report)},
  title =         {{Semantics and application of spatial dimensional
                   terms in English and German}},
  year =          {2005},
}

@article{dale1995computational,
  author =        {Dale, R. and Reiter, E.},
  journal =       {Cognitive Science: A Multidisciplinary Journal},
  number =        {2},
  pages =         {233--263},
  title =         {{Computational interpretations of the Gricean maxims
                   in the generation of referring expressions}},
  volume =        {19},
  year =          {1995},
}

@article{aurenhammer1991voronoi,
  author =        {Aurenhammer, F.},
  journal =       {ACM Computing Surveys (CSUR)},
  number =        {3},
  pages =         {345--405},
  title =         {{Voronoi diagrams---a survey of a fundamental
                   geometric data structure}},
  volume =        {23},
  year =          {1991},
  issn =          {0360-0300},
}

@book{hermann1976objektbenennung,
  author =        {Hermann, T. and Grabowski, J.},
  publisher =     {Hans Huber Verlag},
  title =         {{Psychologie der Objektbenennung}},
  year =          {1976},
}

@incollection{freksa1999links,
  author =        {Freksa, C.},
  booktitle =     {{Richtungen im Raum}},
  editor =        {Rickheit, G.},
  pages =         {231--246},
  publisher =     {Westdeutscher Verlag},
  title =         {{Links vor -- Prototyp oder Gebiet?}},
  year =          {1999},
}

@article{barwise1981generalized,
  author =        {Barwise, J. and Cooper, R.},
  journal =       {Linguistics and philosophy},
  number =        {2},
  pages =         {159--219},
  publisher =     {Springer},
  title =         {{Generalized quantifiers and natural language}},
  volume =        {4},
  year =          {1981},
}

@conference{eschenbach1997axiomatic,
  author =        {Eschenbach, C. and Kulik, L.},
  booktitle =     {KI-97: Advances in Artificial Intelligence},
  organization =  {Springer},
  pages =         {207--218},
  title =         {{An axiomatic approach to the spatial relations
                   underlying left-right and in front of-behind}},
  year =          {1997},
}

@conference{pauw2010embodied,
  author =        {Pauw, S. and Spranger, M.},
  booktitle =     {Proceedings of the 15\textsuperscript{th} Student
                   Session of the European Summer School for Logic,
                   Language and Information (ESSLI 2010)},
  editor =        {Slavkovik, M.},
  organization =  {University of Copenhagen},
  title =         {{Embodied Determiners}},
  year =          {2010},
}

@incollection{pauw2012embodied,
  author =        {Pauw, Simon and Spranger, Michael},
  booktitle =     {New Directions in Logic, Language and Computation},
  editor =        {Lassiter, Daniel and Slavkovik, Marija},
  pages =         {52--66},
  publisher =     {Springer Berlin Heidelberg},
  series =        {Lecture Notes in Computer Science},
  title =         {Embodied Quantifiers},
  volume =        {7415},
  year =          {2012},
  doi =           {10.1007/978-3-642-31467-4_4},
  isbn =          {978-3-642-31466-7},
}

@incollection{spranger2012deviation,
  author =        {Spranger, M. and Pauw, S.},
  booktitle =     {{Language Grounding in Robots}},
  editor =        {Steels, L. and Hild, M.},
  pages =         {173--192},
  publisher =     {Springer},
  title =         {{Dealing with Perceptual Deviation - Vague Semantics
                   for Spatial Language and Quantification}},
  year =          {2012},
}

@incollection{steels2010babel,
  author =        {Steels, L. and Loetzsch, M.},
  booktitle =     {Evolution of Communication and Language in Embodied
                   Agents},
  pages =         {307--313},
  publisher =     {Springer Verlag},
  title =         {Babel: A Tool for Running Experiments on the
                   Evolution of Language},
  year =          {2010},
  doi =           {10.1007/978-3-642-01250-1_20},
}

@article{steels03reentrance,
  author =        {Steels, L.},
  journal =       {Journal of Consciousness Studies},
  number =        {4-5},
  pages =         {173--185},
  title =         {Language-reentrance and the 'Inner Voice'},
  volume =        {10},
  year =          {2003},
}

@article{carlson1999selecting,
  author =        {Carlson, L. A.},
  journal =       {Spatial Cognition and Computation},
  number =        {4},
  pages =         {365--379},
  publisher =     {Springer},
  title =         {{Selecting a reference frame}},
  volume =        {1},
  year =          {1999},
}

@incollection{spranger2012basic,
  author =        {Spranger, M.},
  booktitle =     {{E}xperiments in {C}ultural {L}anguage {E}volution},
  editor =        {Steels, L.},
  pages =         {111--141},
  publisher =     {John Benjamins},
  title =         {The Co-Evolution of Basic Spatial Terms and
                   Categories},
  year =          {2012},
}

@inproceedings{spranger2013acquisition,
  author =        {Spranger, M.},
  booktitle =     {Third Joint IEEE International Conference on
                   Development and Learning and on Epigenetic Robotics
                   (ICDL - EPIROB, 2013)},
  title =         {Grounded Lexicon Acquisition - Case Studies in
                   Spatial Language},
  year =          {2013},
}

@incollection{spranger2011recruitment,
  author =        {Spranger, M.},
  booktitle =     {Advances in Artificial Life, ECAL 2011: Proceedings
                   of the Eleventh European Conference on the Synthesis
                   and Simulation of Living Systems,},
  editor =        {Lenaerts, T. and Giacobini, M. and Bersini, H. and
                   Bourgine, P. and Dorigo, M. and Doursat, R.},
  pages =         {771--778},
  publisher =     {MIT Press},
  title =         {{Recruitment, Selection and Alignment of Spatial
                   Language Strategies}},
  year =          {2011},
}

@article{spranger2013evolving,
  author =        {Spranger, Michael},
  journal =       {KI - K{\"u}nstliche Intelligenz},
  number =        {2},
  pages =         {97--106},
  publisher =     {Springer-Verlag},
  title =         {Evolving Grounded Spatial Language Strategies},
  volume =        {27},
  year =          {2013},
  doi =           {10.1007/s13218-013-0245-4},
  issn =          {0933-1875},
  language =      {English},
}

@article{maclaury1989zapotec,
  author =        {MacLaury, R. E.},
  journal =       {International Journal of American Linguistics},
  number =        {2},
  pages =         {119--154},
  title =         {{Zapotec body-part locatives: Prototypes and
                   metaphoric extensions}},
  volume =        {55},
  year =          {1989},
}

@inproceedings{spranger2012stages,
  address =       {Singapore},
  author =        {Spranger, M.},
  booktitle =     {The Evolution of Language: Proceedings of the
                   9\textsuperscript{th} International Conference
                   (EVOLANG9)},
  editor =        {Scott-Phillips, T. C. and Tamariz, M. and
                   Cartmill, E. A. and Hurford, J.},
  publisher =     {World Scientific},
  title =         {Potential Stages in the Cultural Evolution of Spatial
                   Language},
  year =          {2012},
}

@inproceedings{spranger2013evolutionary,
  author =        {Spranger, Michael},
  booktitle =     {Advances in Artificial Life, ECAL 2013},
  pages =         {1999--1205},
  publisher =     {MIT Press},
  title =         {Evolutionary Explanations for Spatial Language-A Case
                   Study on Landmarks},
  volume =        {12},
  year =          {2013},
}

@incollection{spranger2012grammar,
  author =        {Spranger, M. and Steels, L.},
  booktitle =     {{E}xperiments in {C}ultural {L}anguage {E}volution},
  editor =        {Steels, L.},
  pages =         {207---232},
  publisher =     {John Benjamins},
  title =         {{Emergent Functional Grammar for Space}},
  year =          {2012},
}

@inproceedings{spranger2010space,
  address =       {Singapore},
  author =        {Spranger, M. and Pauw, S. and Loetzsch, M.},
  booktitle =     {The Evolution of Language (Evolang 8)},
  editor =        {Smith, A. D. M. and Schouwstra, M. and de Boer, B. and
                   Smith, K.},
  pages =         {297--304},
  publisher =     {World Scientific},
  title =         {Open-ended semantics co-evolving with spatial
                   language},
  year =          {2010},
}

@article{gould1979spandrels,
  author =        {Gould, S. J. and Lewontin, R. C.},
  journal =       {Proceedings of the Royal Society of London. Series B,
                   Biological Sciences},
  number =        {1161},
  pages =         {581--598},
  title =         {{The spandrels of San Marco and the Panglossian
                   paradigm: a critique of the adaptationist programme}},
  volume =        {205},
  year =          {1979},
}

@article{gould1982exaptation,
  author =        {Gould, S. J. and Vrba, E. S.},
  journal =       {Paleobiology},
  pages =         {4--15},
  title =         {{Exaptation-a missing term in the science of form}},
  year =          {1982},
}

@article{gould1991exaptation,
  author =        {Gould, S. J.},
  journal =       {Journal of Social Issues},
  number =        {3},
  pages =         {43--65},
  title =         {{Exaptation: A crucial tool for an evolutionary
                   psychology}},
  volume =        {47},
  year =          {1991},
}

@article{ostrom1974archaeopteryx,
  author =        {Ostrom, J. H.},
  journal =       {The Quarterly Review of Biology},
  number =        {1},
  pages =         {27--47},
  title =         {{Archaeopteryx and the origin of flight}},
  volume =        {49},
  year =          {1974},
  issn =          {0033-5770},
}

@article{zhou2004origins,
  author =        {Zhou, Z.},
  journal =       {Naturwissenschaften},
  pages =         {455--471},
  title =         {The origin and early evolution of birds: discoveries,
                   disputes, and perspectives from fossil evidence},
  volume =        {91},
  year =          {2004},
}

@incollection{lemmens2002semantic,
  author =        {Lemmens, M.},
  booktitle =     {{The linguistics of sitting, standing and lying}},
  pages =         {103--139},
  publisher =     {John Benjamins},
  title =         {{The semantic network of Dutch posture verbs}},
  year =          {2002},
}

@article{lemmens2004metaphor,
  author =        {Lemmens, M.},
  journal =       {Journ{\'e}e d'etudes grammar and figures of speech},
  number =        {4},
  pages =         {24--46},
  title =         {{Metaphor, image schema and grammaticalisation: a
                   cognitive lexical-semantic study}},
  volume =        {3},
  year =          {2004},
}

@inproceedings{spranger2009semantics,
  address =       {Austin, TX},
  author =        {Spranger, M. and Loetzsch, M.},
  booktitle =     {Proceedings of the 31\textsuperscript{th} Annual
                   Conference of the Cognitive Science Society
                   (Cogsci09)},
  editor =        {Taatgen, N. A. and van Rijn, H.},
  organization =  {Cognitive Science Society},
  pages =         {2546--2552},
  title =         {The semantics of SIT, STAND, and LIE embodied in
                   robots},
  year =          {2009},
}

@inproceedings{steels2009space,
  address =       {San Francisco},
  author =        {Steels, L. and Spranger, M.},
  booktitle =     {IJCAI'09: Proceedings of the 21\textsuperscript{st}
                   international joint conference on Artifical
                   intelligence},
  pages =         {14--19},
  publisher =     {Morgan Kaufmann},
  title =         {How Experience of the Body Shapes Language about
                   Space},
  year =          {2009},
}

@article{kuteva1999sit,
  author =        {Kuteva, T.},
  journal =       {Linguistics},
  number =        {2},
  pages =         {191--213},
  publisher =     {Walter de Gruyter},
  title =         {{On'sit'/'stand'/'lie'auxiliation}},
  volume =        {37},
  year =          {1999},
}

@article{boroditsky2000metaphoric,
  author =        {Boroditsky, L.},
  journal =       {Cognition},
  number =        {1},
  pages =         {1--28},
  title =         {{Metaphoric structuring: Understanding time through
                   spatial metaphors}},
  volume =        {75},
  year =          {2000},
}

@article{tenbrink2011reference,
  author =        {Tenbrink, T.},
  journal =       {Journal of Pragmatics},
  number =        {3},
  pages =         {704--722},
  title =         {{Reference frames of space and time in language}},
  volume =        {43},
  year =          {2011},
}

@book{johnson1987body,
  author =        {Johnson, M.},
  publisher =     {University of Chicago Press},
  title =         {{The body in the mind: The bodily basis of meaning,
                   imagination, and reason.}},
  year =          {1987},
}

@book{fauconnier1994mental,
  author =        {Fauconnier, G.},
  publisher =     {Cambridge University Press},
  title =         {{Mental spaces: Aspects of meaning construction in
                   natural language}},
  year =          {1994},
}

@book{lakoff1980metaphors,
  author =        {Lakoff, G. and Johnson, M.},
  publisher =     {Chicago University Press},
  title =         {{Metaphors We Live By}},
  year =          {1980},
}

@article{lass1990things,
  author =        {Lass, R.},
  journal =       {Journal of linguistics},
  pages =         {79--102},
  title =         {{How to do things with junk: exaptation in language
                   evolution}},
  year =          {1990},
}

@book{lass1997historical,
  author =        {Lass, R.},
  publisher =     {Cambridge University Press},
  title =         {{Historical linguistics and language change}},
  year =          {1997},
}

@inproceedings{steels2002case,
  address =       {Harvard University},
  author =        {Steels, L.},
  booktitle =     {Presented at the 4\textsuperscript{th} International
                   Conference on the Evolution of Language},
  title =         {Simulating the Evolution of a Grammar for Case},
  year =          {2002},
}

@inproceedings{steels2007multi-level,
  author =        {Steels, L. and {van Trijp}, R. and Wellens, P.},
  booktitle =     {Proceedings of the Ninth European Conference on
                   Artificial Life},
  editor =        {Almeida e Costa, F. and Rocha, L. M. and Costa, E. and
                   Harvey, I.},
  publisher =     {Springer},
  series =        {LNAI 4648},
  title =         {{Multi-Level Selection in the Emergence of Language
                   Systematicity}},
  year =          {2007},
}

@book{blake1994case,
  author =        {Blake, B.J.},
  publisher =     {Cambridge University Press},
  series =        {Cambridge Textbooks in Linguistics},
  title =         {Case},
  year =          {1994},
}

